
@article{an10ZhiZuiYouQianLiDeGuPiao2013,
  title = {{10只最有潜力的股票}},
  author = {安, 德鲁.巴里 and 李, 雨蒙},
  year = {2013},
  pages = {95--96},
  issn = {2095-5286},
  annotation = {ZSCC: NoCitationData[s0]},
  journal = {中国民商},
  keywords = {《巴伦周刊》,⛔ No DOI found,市盈率,数据公司},
  language = {中文;},
  number = {01}
}

@phdthesis{chengDaiYouJiShuYueShuDemeanCVaRTouZiZuHeYouHua2016,
  title = {{带有基数约束的mean-CVaR投资组合优化}},
  author = {程, 润泽},
  year = {2016},
  doi = {10.27307/d.cnki.gsjtu.2016.002885},
  annotation = {ZSCC: NoCitationData[s0]},
  collaborator = {高, 建军},
  file = {E\:\\prog\\Zotero\\Zotero\\storage\\2JJ67AUY\\程 - 2016 - 带有基数约束的mean-CVaR投资组合优化.pdf},
  keywords = {cardinality constraint,conditional value-at-risk,multi-stage portfolio,portfolio optimization,Sparse Portfolio,基数约束,多阶段投资组合,投资组合优化,条件风险价值,稀疏解},
  language = {中文;},
  school = {上海交通大学},
  type = {{硕士}}
}

@phdthesis{dengJiYuJunZhiCVaRTouZiZuHeYouHuaMoXingShiZhengFenXi2014,
  title = {{基于均值-CVaR投资组合优化模型实证分析}},
  author = {邓, 天石},
  year = {2014},
  annotation = {ZSCC: NoCitationData[s5]   citations(CNKI)[2021-7-19]},
  collaborator = {刘, 琼荪},
  file = {E\:\\prog\\Zotero\\Zotero\\storage\\4R94Q68E\\邓 - 2014 - 基于均值-CVaR投资组合优化模型实证分析.pdf},
  keywords = {CVar,CVaR,efficient frontier,Mean-CVaR model,portfolio,VaR,均值-CVaR模型,投资组合,有效前沿},
  language = {中文;},
  school = {重庆大学},
  type = {{硕士}}
}

@article{dongJiYuCengCiFenXiFaZongHePingJieGuPiaoTouZiQianLi2018,
  title = {{基于层次分析法综合评价股票投资潜力}},
  author = {董, 简厚},
  year = {2018},
  pages = {95--97},
  issn = {2096-4137},
  annotation = {ZSCC: NoCitationData[s0]},
  file = {E\:\\prog\\Zotero\\Zotero\\storage\\I9IH4CGA\\董 - 2018 - 基于层次分析法综合评价股票投资潜力.pdf},
  journal = {中国高新科技},
  keywords = {⛔ No DOI found,层次分析法,投资潜力,综合评价,股票},
  language = {中文;},
  number = {19}
}

@inproceedings{heJiYuZhiChiXiangLiangJiDeGuPiaoPingJieMoXingYanJiu2011,
  title = {{基于支持向量机的股票评价模型研究}},
  booktitle = {{Proceedings of Conference on Web Based Business Management（WBM2011）}},
  author = {和, 炳全 and 汤, 浩龙 and 陈, 文婷},
  year = {2011},
  pages = {5},
  publisher = {{Wuhan University、Scientific Research Publishing、Engineering Information Institute}},
  annotation = {ZSCC: NoCitationData[s0]},
  file = {E\:\\prog\\Zotero\\Zotero\\storage\\GAXKJ3II\\和 等。 - 2011 - 基于支持向量机的股票评价模型研究.pdf},
  keywords = {⛔ No DOI found,分类,投资价值,支持向量机,每股收益},
  language = {中文;}
}

@article{houJiYuShangHeCVaRDeDuoMuBiaoTouZiZuHeMoXingJiShiZhengYanJiu2021,
  title = {{基于熵和CVaR的多目标投资组合模型及实证研究}},
  author = {侯, 胜杰 and 关, 忠诚 and 董, 雪璠},
  year = {2021},
  volume = {41},
  pages = {640--652},
  issn = {1000-0577},
  annotation = {ZSCC: NoCitationData[s0]  {$<$}北大核心, CSCD{$>$}},
  file = {E\:\\prog\\Zotero\\Zotero\\storage\\66SBB3BC\\侯 等。 - 2021 - 基于熵和CVaR的多目标投资组合模型及实证研究.pdf},
  journal = {系统科学与数学},
  keywords = {⛔ No DOI found,CVaR,Entropy model,fuzzy set theory,particle swarm optimization algorithm,portfolio,投资组合,模糊集理论,熵模型,粒子群算法},
  language = {中文;},
  number = {03}
}

@article{huangJiYuTOPSISDeGuPiaoJieZhiPingJieJiTouZiZuHeXuanZe2017,
  title = {{基于TOPSIS的股票价值评价及投资组合选择}},
  author = {黄, 东宾 and 汪, 涌 and 刘, 琦岩},
  year = {2017},
  volume = {36},
  pages = {33--41},
  issn = {1003-7624},
  annotation = {ZSCC: NoCitationData[s0]},
  file = {E\:\\prog\\Zotero\\Zotero\\storage\\SZU2HNBH\\黄 等。 - 2017 - 基于TOPSIS的股票价值评价及投资组合选择.pdf},
  journal = {投资研究},
  keywords = {⛔ No DOI found,CVaR,portfolio selection,Stock evaluation,TOPSIS,TOPSIS方法,投资组合选择,股票评价},
  language = {中文;},
  number = {02}
}

@phdthesis{liDaiYueShuDeTouZiZuHeYouHuaWenTiDeGaoXiaoJuBuSouSuoYanJiu2019a,
  title = {{带约束的投资组合优化问题的高效局部搜索研究}},
  author = {李, 诗琪},
  year = {2019},
  doi = {10.27157/d.cnki.ghzku.2019.003479},
  annotation = {ZSCC: NoCitationData[s0]},
  collaborator = {吕, 志鹏},
  file = {E\:\\prog\\Zotero\\Zotero\\storage\\IL9HYPWX\\李 - 2019 - 带约束的投资组合优化问题的高效局部搜索研究.pdf},
  keywords = {constrainted portfolio optimization,heuristic algorithm,hybrid methods,local search,启发式算法,局部搜索,混合算法,约束投资组合优化},
  language = {中文;},
  school = {华中科技大学},
  type = {{硕士}}
}

@article{liuJiYuYinZiFenXiFangFaDeTouZiJieZhiPingGu2020,
  title = {{基于因子分析方法的投资价值评估}},
  author = {刘, 向莹 and 王, 忠文},
  year = {2020},
  volume = {36},
  pages = {120--123},
  issn = {1009-9042},
  annotation = {ZSCC: NoCitationData[s0]},
  file = {E\:\\prog\\Zotero\\Zotero\\storage\\2VYNSFHN\\刘 和 王 - 2020 - 基于因子分析方法的投资价值评估.pdf},
  journal = {吉林工程技术师范学院学报},
  keywords = {⛔ No DOI found,Factor Analysis,Investment Value,Principal Component Analysis,主成分分析,因子分析,投资价值},
  language = {中文;},
  number = {12}
}

@phdthesis{wangJiLeiTouZiZuHeYouHuaMoXingJiQiSuanFa2012,
  title = {{几类投资组合优化模型及其算法}},
  author = {王, 贞},
  year = {2012},
  annotation = {24 citations(CNKI)[2021-7-18]},
  collaborator = {刘, 三阳},
  file = {E\:\\prog\\Zotero\\Zotero\\storage\\7HNI3IQD\\王 - 2012 - 几类投资组合优化模型及其算法.pdf},
  keywords = {Artificial Bee Colony Algorithm,Conditional Value at Risk,Frontier,Intelligence Dynamic Programming,Portfolio Optimization,Scenario Generation,Swarm,Transaction Costs Efficient,交易费用,人工蜂群算法,动态规划,情景生成,投资组合优化,有效前沿,条件风险价值,群智能},
  language = {中文;},
  school = {西安电子科技大学},
  type = {{博士}}
}

@article{wangJiYuCVaRFengXianCeDuDeHouHuiZuiXiaoHuaTouZiZuHeMoXing2021,
  title = {{基于CVaR风险测度的后悔最小化投资组合模型}},
  author = {王, 宗润 and 古, 慧敏},
  year = {2021},
  volume = {52},
  pages = {41--49},
  issn = {1006-0448},
  doi = {10.13764/j.cnki.ncds.2021.03.005},
  annotation = {ZSCC: NoCitationData[s0]  {$<$}CSSCI{$>$}},
  file = {E\:\\prog\\Zotero\\Zotero\\storage\\XHGLEGGK\\王 和 古 - 2021 - 基于CVaR风险测度的后悔最小化投资组合模型.pdf},
  journal = {南昌大学学报(人文社会科学版)},
  keywords = {CVaR risk measurement,CVaR风险测度,local autoregression,portfolio,regret minimization,risk attitude,后悔最小化,局部自回归,投资组合,风险态度},
  language = {中文;},
  number = {03}
}

@article{wangKaoLuJiaoYiFeiYongDeJunZhiVaRDuoJieDuanTouZiZuHeYouHuaMoXing2020,
  title = {{考虑交易费用的均值\textendash VaR多阶段投资组合优化模型}},
  author = {王, 晓琴 and 高, 岳林},
  year = {2020},
  volume = {37},
  pages = {673--684},
  issn = {1005-3085},
  annotation = {ZSCC: NoCitationData[s0]  {$<$}北大核心, CSCD{$>$}},
  file = {E\:\\prog\\Zotero\\Zotero\\storage\\K7XX3I8S\\王 和 高 - 2020 - 考虑交易费用的均值–VaR多阶段投资组合优化模型.pdf},
  journal = {工程数学学报},
  keywords = {⛔ No DOI found,multi-stage,particle swarm optimization,transaction costs,Value-at-Risk,交易费用,多阶段投资组合,粒子群算法,风险价值},
  language = {中文;},
  number = {06}
}

@article{wuJunZhiYuPianDuYueShuXiaCVaRZuiXiaoTouZiZuHeYouHuaMoXingYanJiu2014,
  title = {{均值与偏度约束下CVaR最小投资组合优化模型研究}},
  author = {吴, 雷 and 姜, 昱汐 and 李, 博达 and 李, 刚},
  year = {2014},
  pages = {37--39},
  issn = {1002-8072},
  doi = {10.16144/j.cnki.issn1002-8072.2014.11.022},
  annotation = {ZSCC: NoCitationData[s0]  {$<$}北大核心{$>$}},
  file = {E\:\\prog\\Zotero\\Zotero\\storage\\YP8MYX79\\吴 等。 - 2014 - 均值与偏度约束下CVaR最小投资组合优化模型研究.pdf},
  journal = {财会通讯},
  keywords = {度约束,投资组合优化模型,收益率,数学期望,离散化,线性化处理},
  language = {中文;},
  number = {11}
}

@phdthesis{yangGuPiaoTouZiZuHeYouHuaDeMoHuCJunZhiJuLeiFa2020b,
  title = {{股票投资组合优化的模糊C-均值聚类法}},
  author = {杨, 晓},
  year = {2020},
  doi = {10.26991/d.cnki.gdllu.2020.001747},
  annotation = {ZSCC: NoCitationData[s0]},
  collaborator = {张, 金涛},
  file = {E\:\\prog\\Zotero\\Zotero\\storage\\AQC2DDWG\\杨 - 2020 - 股票投资组合优化的模糊C-均值聚类法.pdf},
  keywords = {Data Mining,Fuzzy Clustering,Mean-Variance Model,Portfolio Optimization,均值-方差模型,投资组合优化,数据挖掘,模糊聚类},
  language = {中文;},
  school = {大连理工大学},
  type = {{硕士}}
}

@article{zhangJiBenZhiShuZuiXiaoXiaBanFangChaiTouZiZuHeYouHuaYanJiu2021,
  title = {{基本指数-最小下半方差投资组合优化研究}},
  author = {张, 鹏 and 李, 欣茵 and 曾, 永泉},
  year = {2021},
  volume = {53},
  pages = {93--101},
  issn = {1000-5463},
  annotation = {ZSCC: NoCitationData[s0]},
  file = {E\:\\prog\\Zotero\\Zotero\\storage\\EACFPRA4\\张 等。 - 2021 - 基本指数-最小下半方差投资组合优化研究.pdf},
  journal = {华南师范大学学报(自然科学版)},
  keywords = {⛔ No DOI found,fundamental indexing portfolio selection,minimum semi-variance portfolio selection,norm transaction cost,pivoting algorithm,sharp ratio,最小下半方差投资组合模型,基本指数投资组合模型,夏普比率,旋转算法,范数交易成本},
  language = {中文;},
  number = {03}
}

@phdthesis{zhangQiuJieTouZiZuHeYouHuaWenTiDeHunHeErCiGuiHuaHeQiFaShiSuanFa2019,
  title = {{求解投资组合优化问题的混合二次规划和启发式算法}},
  author = {张, 天铖},
  year = {2019},
  doi = {10.27157/d.cnki.ghzku.2019.003478},
  annotation = {ZSCC: NoCitationData[s0]  1 citations(CNKI)[2021-7-18]},
  collaborator = {吕, 志鹏},
  file = {E\:\\prog\\Zotero\\Zotero\\storage\\F3MHMH46\\张 - 2019 - 求解投资组合优化问题的混合二次规划和启发式算法.pdf},
  keywords = {continuous optimization,discrete optimization,Portfolio Selection Problem,quadratic programming,tabu search,二次规划,投资组合优化问题,禁忌搜索,离散优化,连续优化},
  language = {中文;},
  school = {华中科技大学},
  type = {{硕士}}
}

@phdthesis{zhouJiYuFengXianDuLiangCVaRDeGuPiaoShiChangTouZiZuHeYouHua2020a,
  title = {{基于风险度量CVaR的股票市场投资组合优化}},
  author = {周, 新},
  year = {2020},
  doi = {10.26991/d.cnki.gdllu.2020.001464},
  annotation = {ZSCC: NoCitationData[s0]},
  collaborator = {刘, 永朝},
  file = {E\:\\prog\\Zotero\\Zotero\\storage\\WJTNQT2A\\周 - 2020 - 基于风险度量CVaR的股票市场投资组合优化.pdf},
  keywords = {Extreme Value Theory,GARCH,Mean CVaR,Mean-CVaR,Portfolio Optimization,投资组合优化,极值理论},
  language = {中文;},
  school = {大连理工大学},
  type = {{硕士}}
}

@phdthesis{zhuBLMoXingYouHuaGaiShanXiaDeTouZiZuHeCeLueYanJiu2021,
  title = {{B-L模型优化改善下的投资组合策略研究}},
  author = {朱, 枫},
  year = {2021},
  annotation = {ZSCC: NoCitationData[s0]},
  keywords = {B-L Model,B-L模型,GJR-GARCH-M Model,GJR-GARCH-M模型,Investment Portfolio,RBF Model,RBF模型,投资组合},
  language = {中文;},
  school = {上海师范大学},
  type = {{硕士}}
}


