
@article{caiShuangDanHuangZhenZiDeZhenDongFenXi2004,
  title = {{双弹簧振子的振动分析}},
  author = {蔡, 旭初 and 高, 脐雯 and 吴, 文英},
  year = {2004},
  pages = {136--138},
  issn = {1671-0444},
  annotation = {ZSCC: NoCitationData[s7]   citations(CNKI)[2021-7-13]{$<$}北大核心{$>$}},
  file = {E\:\\prog\\Zotero\\Zotero\\storage\\J6EYXDXE\\蔡 等。 - 2004 - 双弹簧振子的振动分析.pdf},
  journal = {东华大学学报(自然科学版)},
  keywords = {⛔ No DOI found,approximative periodic,first order approximative solution,homotopy perturbation technique,Lagrange function,two-spring-mass system,一阶近似解,双弹簧振子,同伦摄动法,拉格朗日函数,近似周期},
  language = {中文;},
  number = {05}
}

@article{chenShuangDanHuangWenTiGuiLeiPouXi2018,
  title = {{双弹簧问题归类剖析}},
  author = {陈, 明},
  year = {2018},
  pages = {20--22},
  issn = {2095-2627},
  annotation = {ZSCC: 0000000},
  journal = {教学考试},
  keywords = {⛔ No DOI found,劲度系数,双弹簧,弹簧弹力,弹簧形变,弹簧模型,高中物理},
  language = {中文;},
  number = {49}
}

@article{halvorsenNewMethodEstimating1999,
  title = {A New Method for Estimating the Axis of Rotation and the Center of Rotation},
  author = {Halvorsen, K. and Lesser, M. and Lundberg, A.},
  year = {1999},
  month = nov,
  volume = {32},
  pages = {1221--1227},
  issn = {0021-9290},
  doi = {10.1016/S0021-9290(99)00120-7},
  annotation = {ZSCC: 0000215},
  file = {E\:\\prog\\Zotero\\Zotero\\storage\\KVNHZEAS\\Halvorsen 等。 - 1999 - A new method for estimating the axis of rotation a.pdf;E\:\\prog\\Zotero\\Zotero\\storage\\M8NPMHAF\\S0021929099001207.html},
  journal = {Journal of Biomechanics},
  keywords = {Joint kinematics,Joint model,Skin movement},
  language = {en},
  number = {11}
}

@article{huangShuangDanHuangZhenZiZaiShuZhiFangXiangDeZiYouZhenDongYanJiu2014,
  title = {{双弹簧振子在竖直方向的自由振动研究}},
  author = {黄, 焱},
  year = {2014},
  volume = {33},
  pages = {20--23},
  issn = {1000-0712},
  doi = {10.16854/j.cnki.1000-0712.2014.09.003},
  annotation = {ZSCC: 0000001   citations(CNKI)[2021-7-14]{$<$}北大核心{$>$}},
  file = {E\:\\prog\\Zotero\\Zotero\\storage\\75Z7AKGI\\黄 - 2014 - 双弹簧振子在竖直方向的自由振动研究.pdf},
  journal = {大学物理},
  keywords = {amplitude,double spring oscillator,nonlinear vibration,period,双弹簧振子,周期,振幅,非线性振动},
  language = {中文;},
  number = {09}
}

@article{liFeiDingZhouZhuanDongZhiTuiGunDongZhouChengEDingDongZaiHeDeYanJiu2016,
  title = {{非定轴转动止推滚动轴承额定动载荷的研究}},
  author = {李, 进 and 黄, 新春 and 梁, 凤儒 and 李, 辉 and 王, 鹏 and 马, 绪鹏},
  year = {2016},
  volume = {19},
  pages = {38--40},
  issn = {1672-4305},
  annotation = {ZSCC: NoCitationData[s0]},
  file = {E\:\\prog\\Zotero\\Zotero\\storage\\737EPRQL\\李 等。 - 2016 - 非定轴转动止推滚动轴承额定动载荷的研究.pdf},
  journal = {实验室科学},
  keywords = {⛔ No DOI found,axial force,friction,helix,load,摩擦,螺旋,轴向压力,载荷},
  language = {中文;},
  number = {03}
}

@article{liGangDanXingFuZaXiTongZaiChongLiChangZhongDeDingDianZhuanDong1995,
  title = {{刚弹性复杂系统在重力场中的定点转动}},
  author = {李, 俊峰 and 王, 照林 and 董, 建令},
  year = {1995},
  pages = {48-52+104},
  issn = {10001328},
  annotation = {ZSCC: NoCitationData[s0]},
  file = {E\:\\prog\\Zotero\\Zotero\\storage\\33AKDUM3\\李 等。 - 1995 - 刚弹性复杂系统在重力场中的定点转动.pdf},
  journal = {宇航学报},
  keywords = {⛔ No DOI found,Rigid-elastic system Model analysis Small parameter method,刚－弹性力学系统,小参数法,模态分析},
  language = {中文},
  number = {04}
}

@article{liuShuangDanHuangZhiLiangXiTongZaiShuZhiFangXiangZhenDongDeShiYanYanJiu2013,
  title = {{双弹簧质量系统在竖直方向振动的实验研究}},
  author = {刘, 艳滔 and 刘, 学 and 毕, 丽芳 and 黄, 焱},
  year = {2013},
  volume = {35},
  pages = {112--114},
  issn = {1674-5639},
  annotation = {ZSCC: NoCitationData[s0]},
  file = {E\:\\prog\\Zotero\\Zotero\\storage\\VSHP4W3X\\刘 等。 - 2013 - 双弹簧质量系统在竖直方向振动的实验研究.pdf},
  journal = {昆明学院学报},
  keywords = {⛔ No DOI found,double spring-mass system,equivalent mass coefficient,nonlinear vibration,period,双弹簧质量系统,周期,等效质量系数,非线性振动},
  language = {中文;},
  number = {06}
}

@article{wangFeiWanZhengYingSheLiLunYuGangTiDingDianZhuanDongDeJiHeMiaoShu2009,
  title = {{非完整映射理论与刚体定点转动的几何描述}},
  author = {王, 勇 and 郭, 永新 and 吕, 群松 and 刘, 畅},
  year = {2009},
  pages = {15},
  publisher = {{中国力学学会一般力学专业委员会、中国振动工程学会非线性振动专业委员会}},
  address = {{中国江苏镇江}},
  annotation = {ZSCC: NoCitationData[s0]},
  file = {E\:\\prog\\Zotero\\Zotero\\storage\\I5IRSG38\\王 等。 - 2009 - 非完整映射理论与刚体定点转动的几何描述.pdf},
  journal = {第十二届全国非线性振动暨第九届全国非线性动力学和运动稳定性学术会议论文集},
  keywords = {⛔ No DOI found,Riemann-Cartan空间,挠率,欧拉角,自平行线,非完整映射},
  language = {中文;}
}

@article{wangJianXieJiLiXiaShuangDanHuangFeiXianXingNengLiangJingDeYouHua,
  title = {{简谐激励下双弹簧非线性能量阱的优化}},
  author = {王, 国旭 and 丁, 虎 and 陈, 立群},
  pages = {1--8},
  issn = {1672-6553},
  annotation = {ZSCC: NoCitationData[s0]},
  file = {E\:\\prog\\Zotero\\Zotero\\storage\\5DRCISS2\\王 等。 - 简谐激励下双弹簧非线性能量阱的优化.pdf},
  journal = {动力学与控制学报},
  keywords = {⛔ No DOI found,differential evolution algorithm,harmonic excitation,nonlinear energy sink,vibration control,差分进化算法,振动控制,简谐激励,非线性能量阱},
  language = {中文}
}

@article{weiShuangDanHuangXuanJiaXiTongTeXingFenXi2020a,
  title = {{双弹簧悬架系统特性分析}},
  author = {卫, 赟理},
  year = {2020},
  pages = {23},
  issn = {1002-2538},
  annotation = {ZSCC: 0000000},
  file = {E\:\\prog\\Zotero\\Zotero\\storage\\UV7R7PMQ\\卫 - 2020 - 双弹簧悬架系统特性分析.pdf},
  journal = {农机使用与维修},
  keywords = {⛔ No DOI found,双弹簧悬架,特性,车辆工程},
  language = {中文;},
  number = {03}
}

@article{zhangYuanTaiXingDanHuangZhiLiangDuiZhenDongZhouQiDeYingXiang2017,
  title = {{圆台形弹簧质量对振动周期的影响}},
  author = {张, 敬昕 and 侯, 灿 and 张, 峰},
  year = {2017},
  volume = {36},
  pages = {49--51},
  issn = {1000-0712},
  doi = {10.16854/j.cnki.1000-0712.2017.01.015},
  annotation = {ZSCC: 0000000   citations(CNKI)[2021-7-14]{$<$}北大核心{$>$}},
  file = {E\:\\prog\\Zotero\\Zotero\\storage\\YM4NNL6S\\张 等。 - 2017 - 圆台形弹簧质量对振动周期的影响.pdf},
  journal = {大学物理},
  keywords = {effective mass,shapge function,truncated cone-shaped spring,vibration period,圆台形弹簧,形状函数,振动周期,有效质量},
  language = {中文;},
  number = {01}
}

@article{zhaoJiYuShuangDanHuangFuZaiDaoLiBaiMoXingDeBuTaiMoNi2021,
  title = {{基于双弹簧负载倒立摆模型的步态模拟}},
  author = {赵, 炳炎 and 陈, 宗华 and 刘, 伟俊},
  year = {2021},
  volume = {37},
  pages = {10-15+22},
  issn = {1673-1492},
  annotation = {ZSCC: NoCitationData[s0]},
  file = {E\:\\prog\\Zotero\\Zotero\\storage\\NQ23K3SL\\赵 等。 - 2021 - 基于双弹簧负载倒立摆模型的步态模拟.pdf},
  journal = {河北北方学院学报(自然科学版)},
  keywords = {⛔ No DOI found,gait simulation,running simulation,spring-loaded inverted pendulum,switching system,walking simulation,切换系统,弹簧负载倒立摆,步态模拟,走路模拟,跑步模拟},
  language = {中文;},
  number = {01}
}

@article{zhaoShuangHengBiXuanJiaDongLiXueJianMoJiMoHuHuaMoKongZhiQiSheJi2021a,
  title = {{双横臂悬架动力学建模及模糊滑模控制器设计}},
  author = {赵, 强 and 孙, 政},
  year = {2021},
  volume = {40},
  pages = {127--133},
  issn = {1674-0696},
  annotation = {ZSCC: NoCitationData[s0]},
  file = {E\:\\prog\\Zotero\\Zotero\\storage\\E3AM6RJP\\赵 和 孙 - 2021 - 双横臂悬架动力学建模及模糊滑模控制器设计.pdf},
  journal = {重庆交通大学学报(自然科学版)},
  keywords = {⛔ No DOI found,double wishbone suspension,dynamic modeling,fuzzy sliding mode control,skyhook-based reference model,vehicle engineering,动力学建模,双横臂悬架,天棚参考模型,模糊滑模控制,车辆工程},
  language = {中文;},
  number = {01}
}


